<?xml version="1.0" encoding="UTF-8"?><collection xmlns="http://www.loc.gov/MARC21/slim"><record><leader>00371nam--2200121-i-4500</leader><controlfield tag="001">000031594</controlfield><controlfield tag="002">20161230</controlfield><controlfield tag="005">20161230201038</controlfield><controlfield tag="008">060222s1000------------r-----000-0-eng-d</controlfield><datafield ind1=" " ind2=" " tag="245"><subfield code="a">Lecture notes in pure and applied mathematics. vol.38:semisimple lie algebras</subfield></datafield><datafield ind1=" " ind2=" " tag="260"><subfield code="a">New York, Marcel Dekker Inc., 1978. Vii + 480p</subfield></datafield><datafield ind1=" " ind2=" " tag="700"><subfield code="a">Goto,M. And Grosshans, F.D</subfield></datafield><datafield ind1=" " ind2=" " tag="852"><subfield code="a">46568</subfield></datafield></record></collection>